<?xml version="1.0" encoding="UTF-8"?>
<!DOCTYPE html PUBLIC "-//W3C//DTD XHTML 1.0 Transitional//EN"
    "http://www.w3.org/TR/xhtml1/DTD/xhtml1-transitional.dtd">
<html xmlns="http://www.w3.org/1999/xhtml" xml:lang="en" lang="en">
 <head>
  <title>
</title>
<meta http-equiv="Content-Type" content="text/html;charset=utf-8" />
  <meta name='ocr-system' content='tesseract 3.04.00' />
  <meta name='ocr-capabilities' content='ocr_page ocr_carea ocr_par ocr_line ocrx_word'/>
</head>
<body>
  <div class='ocr_page' id='page_1' title='image "./oeuvresdhoracee05dacigoog/oeuvresdhoracee05dacigoog_0150.png"; bbox 0 0 1958 3720; ppageno 0'>
   <div class='ocr_carea' id='block_1_1' title="bbox 135 78 886 488">
    <p class='ocr_par' dir='ltr' id='par_1_1' title="bbox 135 78 886 488">
     <span class='ocr_line' id='line_1_1' title="bbox 334 78 342 111; baseline 0 0"><span class='ocrx_word' id='word_1_1' title='bbox 334 78 342 111; x_wconf 91' lang='grc' dir='ltr'><em>Ι</em></span> 
     </span>
     <span class='ocr_line' id='line_1_2' title="bbox 220 162 886 233; baseline -0.005 0"><span class='ocrx_word' id='word_1_2' title='bbox 220 183 342 233; x_wconf 80' lang='lat' dir='ltr'>cxxxtn</span> <span class='ocrx_word' id='word_1_3' title='bbox 385 164 677 232; x_wconf 71' lang='lat' dir='ltr'>Hounntt</span> <span class='ocrx_word' id='word_1_4' title='bbox 719 162 886 232; x_wconf 71' lang='lat' dir='ltr'>Vtra.</span> 
     </span>
     <span class='ocr_line' id='line_1_3' title="bbox 135 297 886 391; baseline 0.003 -30"><span class='ocrx_word' id='word_1_5' title='bbox 135 334 140 343; x_wconf 90' lang='lat'><strong>·</strong></span> <span class='ocrx_word' id='word_1_6' title='bbox 220 298 332 386; x_wconf 83' lang='lat' dir='ltr'>elogio:</span> <span class='ocrx_word' id='word_1_7' title='bbox 362 299 485 364; x_wconf 78' lang='lat' dir='ltr'>Horatii</span> <span class='ocrx_word' id='word_1_8' title='bbox 506 297 640 380; x_wconf 83' lang='lat' dir='ltr'>Flacci,</span> <span class='ocrx_word' id='word_1_9' title='bbox 660 311 703 391; x_wconf 37' lang='lat' dir='ltr'>&#39;ut</span> <span class='ocrx_word' id='word_1_10' title='bbox 724 298 810 377; x_wconf 89' lang='lat' dir='ltr'>mei,</span> <span class='ocrx_word' id='word_1_11' title='bbox 841 298 886 364; x_wconf 70' lang='lat' dir='ltr'>eii&lt;</span> 
     </span>
     <span class='ocr_line' id='line_1_4' title="bbox 221 399 886 488; baseline -0.005 -22"><span class='ocrx_word' id='word_1_12' title='bbox 221 421 302 467; x_wconf 86' lang='lat' dir='ltr'>mor.</span> <span class='ocrx_word' id='word_1_13' title='bbox 344 400 492 488; x_wconf 80' lang='lat' dir='ltr'>Augustas</span> <span class='ocrx_word' id='word_1_14' title='bbox 518 399 714 487; x_wconf 81' lang='lat' dir='ltr'>Epislolarum</span> <span class='ocrx_word' id='word_1_15' title='bbox 741 420 854 486; x_wconf 85' lang='lat' dir='ltr'><em>quoque</em></span> <span class='ocrx_word' id='word_1_16' title='bbox 880 432 886 463; x_wconf 65' lang='lat' dir='ltr'>a</span> 
     </span>
    </p>
   </div>
   <div class='ocr_carea' id='block_1_2' title="bbox 218 507 886 594">
    <p class='ocr_par' dir='ltr' id='par_1_2' title="bbox 218 507 886 594">
     <span class='ocr_line' id='line_1_5' title="bbox 218 507 886 594; baseline -0.006 -19"><span class='ocrx_word' id='word_1_17' title='bbox 218 515 298 589; x_wconf 73' lang='lat' dir='ltr'>aium</span> <span class='ocrx_word' id='word_1_18' title='bbox 320 513 447 594; x_wconf 83' lang='lat' dir='ltr'>obtulit,</span> <span class='ocrx_word' id='word_1_19' title='bbox 475 526 509 574; x_wconf 88' lang='lat' dir='ltr'>ut</span> <span class='ocrx_word' id='word_1_20' title='bbox 531 508 583 573; x_wconf 83' lang='lat' dir='ltr'>boc</span> <span class='ocrx_word' id='word_1_21' title='bbox 604 509 646 572; x_wconf 87' lang='lat' dir='ltr'>ad</span> <span class='ocrx_word' id='word_1_22' title='bbox 665 507 862 573; x_wconf 70' lang='lat' dir='ltr'>Maecenatem</span> <span class='ocrx_word' id='word_1_23' title='bbox 882 577 886 589; x_wconf 38' lang='grc' dir='ltr'>Ι</span> 
     </span>
    </p>
   </div>
   <div class='ocr_carea' id='block_1_3' title="bbox 147 604 886 3179">
    <p class='ocr_par' dir='ltr' id='par_1_3' title="bbox 147 604 886 2576">
     <span class='ocr_line' id='line_1_6' title="bbox 208 604 883 707; baseline -0.006 -22"><span class='ocrx_word' id='word_1_24' title='bbox 208 604 385 707; x_wconf 57' lang='lat' dir='ltr'>&#39;fignficate</span> <span class='ocrx_word' id='word_1_25' title='bbox 419 620 507 687; x_wconf 72' lang='lat' dir='ltr'>Ante</span> <span class='ocrx_word' id='word_1_26' title='bbox 530 621 592 705; x_wconf 91' lang='lat' dir='ltr'>ipse</span> <span class='ocrx_word' id='word_1_27' title='bbox 613 620 805 686; x_wconf 87' lang='lat' dir='ltr'>sufficiebam</span> <span class='ocrx_word' id='word_1_28' title='bbox 827 619 883 683; x_wconf 89' lang='lat' dir='ltr'>scri</span> 
     </span>
     <span class='ocr_line' id='line_1_7' title="bbox 221 726 886 812; baseline -0.005 -19"><span class='ocrx_word' id='word_1_29' title='bbox 221 726 363 812; x_wconf 76' lang='lat' dir='ltr'>Epistolis</span> <span class='ocrx_word' id='word_1_30' title='bbox 371 733 571 798; x_wconf 83' lang='lat' dir='ltr'>amicorum:</span> <span class='ocrx_word' id='word_1_31' title='bbox 594 750 679 795; x_wconf 89' lang='lat' dir='ltr'>nunc</span> <span class='ocrx_word' id='word_1_32' title='bbox 695 727 886 811; x_wconf 82' lang='lat' dir='ltr'>occupatiffir</span> 
     </span>
     <span class='ocr_line' id='line_1_8' title="bbox 217 838 886 924; baseline -0.003 -22"><span class='ocrx_word' id='word_1_33' title='bbox 217 838 385 924; x_wconf 86' lang='lat' dir='ltr'>infirmus,</span> <span class='ocrx_word' id='word_1_34' title='bbox 420 841 588 906; x_wconf 84' lang='lat' dir='ltr'>Horatium</span> <span class='ocrx_word' id='word_1_35' title='bbox 609 840 749 905; x_wconf 90' lang='lat' dir='ltr'>nostrum</span> <span class='ocrx_word' id='word_1_36' title='bbox 772 854 803 903; x_wconf 90' lang='lat' dir='ltr'>te</span> <span class='ocrx_word' id='word_1_37' title='bbox 825 859 886 920; x_wconf 87' lang='lat' dir='ltr'>cup:</span> 
     </span>
     <span class='ocr_line' id='line_1_9' title="bbox 217 944 884 1034; baseline -0.009 -21"><span class='ocrx_word' id='word_1_38' title='bbox 217 949 340 1014; x_wconf 86' lang='lat' dir='ltr'>ducere.</span> <span class='ocrx_word' id='word_1_39' title='bbox 382 951 497 1015; x_wconf 86' lang='lat' dir='ltr'>Veniet</span> <span class='ocrx_word' id='word_1_40' title='bbox 511 949 602 1034; x_wconf 82' lang='lat' dir='ltr'>igitur</span> <span class='ocrx_word' id='word_1_41' title='bbox 617 948 655 1010; x_wconf 93' lang='lat' dir='ltr'>ab</span> <span class='ocrx_word' id='word_1_42' title='bbox 667 944 720 1009; x_wconf 87' lang='lat' dir='ltr'>ista</span> <span class='ocrx_word' id='word_1_43' title='bbox 732 945 884 1028; x_wconf 82' lang='lat' dir='ltr'>pamfitiea</span> 
     </span>
     <span class='ocr_line' id='line_1_10' title="bbox 147 1046 886 1143; baseline -0.005 -24"><span class='ocrx_word' id='word_1_44' title='bbox 147 1046 152 1063; x_wconf 77' lang='lat'>&#39;</span> <span class='ocrx_word' id='word_1_45' title='bbox 216 1054 250 1119; x_wconf 89' lang='lat' dir='ltr'>sa</span> <span class='ocrx_word' id='word_1_46' title='bbox 270 1055 307 1119; x_wconf 89' lang='lat' dir='ltr'>ad</span> <span class='ocrx_word' id='word_1_47' title='bbox 329 1057 407 1119; x_wconf 89' lang='lat' dir='ltr'>hanc</span> <span class='ocrx_word' id='word_1_48' title='bbox 427 1056 560 1143; x_wconf 84' lang='lat' dir='ltr'>regiam,</span> <span class='ocrx_word' id='word_1_49' title='bbox 584 1054 613 1118; x_wconf 89' lang='lat'>&amp;</span> <span class='ocrx_word' id='word_1_50' title='bbox 636 1073 693 1118; x_wconf 85' lang='lat' dir='ltr'>nos</span> <span class='ocrx_word' id='word_1_51' title='bbox 710 1055 741 1116; x_wconf 88' lang='lat' dir='ltr'>in</span> <span class='ocrx_word' id='word_1_52' title='bbox 758 1050 886 1136; x_wconf 85' lang='lat' dir='ltr'>Epistoli</span> 
     </span>
     <span class='ocr_line' id='line_1_11' title="bbox 216 1157 886 1244; baseline -0.001 -24"><span class='ocrx_word' id='word_1_53' title='bbox 216 1157 321 1225; x_wconf 87' lang='lat' dir='ltr'>bendis</span> <span class='ocrx_word' id='word_1_54' title='bbox 337 1163 503 1244; x_wconf 81' lang='lat' dir='ltr'>adjuvabit.</span> <span class='ocrx_word' id='word_1_55' title='bbox 538 1158 583 1222; x_wconf 89' lang='lat' dir='ltr'>Ac</span> <span class='ocrx_word' id='word_1_56' title='bbox 596 1181 631 1221; x_wconf 90' lang='lat' dir='ltr'>ne</span> <span class='ocrx_word' id='word_1_57' title='bbox 645 1161 790 1240; x_wconf 83' lang='lat' dir='ltr'>recusanti</span> <span class='ocrx_word' id='word_1_58' title='bbox 804 1159 886 1242; x_wconf 80' lang='lat' dir='ltr'>quide</span> 
     </span>
     <span class='ocr_line' id='line_1_12' title="bbox 206 1250 886 1352; baseline -0.006 -25"><span class='ocrx_word' id='word_1_59' title='bbox 206 1250 372 1346; x_wconf 74' lang='lat' dir='ltr'>filccensuit</span> <span class='ocrx_word' id='word_1_60' title='bbox 386 1269 562 1352; x_wconf 84' lang='lat' dir='ltr'>quicquam,</span> <span class='ocrx_word' id='word_1_61' title='bbox 583 1280 635 1327; x_wconf 85' lang='lat' dir='ltr'>aut</span> <span class='ocrx_word' id='word_1_62' title='bbox 649 1265 811 1327; x_wconf 83' lang='lat' dir='ltr'>amicitiam</span> <span class='ocrx_word' id='word_1_63' title='bbox 818 1264 886 1343; x_wconf 82' lang='lat' dir='ltr'>suat</span> 
     </span>
     <span class='ocr_line' id='line_1_13' title="bbox 208 1370 886 1458; baseline -0.004 -24"><span class='ocrx_word' id='word_1_64' title='bbox 208 1392 313 1457; x_wconf 83' lang='lat' dir='ltr'><em>gerere</em></span> <span class='ocrx_word' id='word_1_65' title='bbox 333 1375 453 1454; x_wconf 82' lang='lat' dir='ltr'>destitit.</span> <span class='ocrx_word' id='word_1_66' title='bbox 496 1374 617 1437; x_wconf 83' lang='lat' dir='ltr'>Extant</span> <span class='ocrx_word' id='word_1_67' title='bbox 638 1371 796 1458; x_wconf 73' lang='lat' dir='ltr'>Epistola,</span> <span class='ocrx_word' id='word_1_68' title='bbox 828 1370 842 1431; x_wconf 66' lang='lat' dir='ltr'>e*</span> <span class='ocrx_word' id='word_1_69' title='bbox 863 1391 886 1452; x_wconf 80' lang='lat' dir='ltr'>qa</span> 
     </span>
     <span class='ocr_line' id='line_1_14' title="bbox 213 1476 886 1567; baseline -0.007 -25"><span class='ocrx_word' id='word_1_70' title='bbox 213 1481 382 1567; x_wconf 78' lang='lat' dir='ltr'>argumenti</span> <span class='ocrx_word' id='word_1_71' title='bbox 396 1479 519 1566; x_wconf 76' lang='lat' dir='ltr'>gratici,</span> <span class='ocrx_word' id='word_1_72' title='bbox 534 1497 633 1566; x_wconf 87' lang='lat' dir='ltr'>pauca</span> <span class='ocrx_word' id='word_1_73' title='bbox 647 1479 771 1562; x_wconf 76' lang='lat' dir='ltr'>subjeci.</span> <span class='ocrx_word' id='word_1_74' title='bbox 814 1476 886 1542; x_wconf 89' lang='lat' dir='ltr'>Sum</span> 
     </span>
     <span class='ocr_line' id='line_1_15' title="bbox 213 1583 886 1669; baseline -0.004 -21"><span class='ocrx_word' id='word_1_75' title='bbox 213 1586 328 1668; x_wconf 78' lang='lat' dir='ltr'>ailquid</span> <span class='ocrx_word' id='word_1_76' title='bbox 339 1587 417 1669; x_wconf 84' lang='lat' dir='ltr'>jutis</span> <span class='ocrx_word' id='word_1_77' title='bbox 434 1588 513 1669; x_wconf 88' lang='lat' dir='ltr'>apud</span> <span class='ocrx_word' id='word_1_78' title='bbox 529 1607 597 1667; x_wconf 83' lang='lat' dir='ltr'>me,</span> <span class='ocrx_word' id='word_1_79' title='bbox 619 1599 769 1665; x_wconf 80' lang='lat' dir='ltr'>tanquam</span> <span class='ocrx_word' id='word_1_80' title='bbox 785 1583 805 1646; x_wconf 87' lang='lat' dir='ltr'>fi</span> <span class='ocrx_word' id='word_1_81' title='bbox 821 1602 886 1646; x_wconf 65' lang='lat' dir='ltr'>con*</span> 
     </span>
     <span class='ocr_line' id='line_1_16' title="bbox 213 1688 883 1756; baseline -0.003 -4"><span class='ocrx_word' id='word_1_82' title='bbox 213 1690 288 1754; x_wconf 87' lang='lat' dir='ltr'>mihi</span> <span class='ocrx_word' id='word_1_83' title='bbox 309 1692 411 1756; x_wconf 88' lang='lat' dir='ltr'>fueris.</span> <span class='ocrx_word' id='word_1_84' title='bbox 453 1689 553 1755; x_wconf 68' lang='lat' dir='ltr'>Reae</span> <span class='ocrx_word' id='word_1_85' title='bbox 575 1690 660 1754; x_wconf 89' lang='lat' dir='ltr'>enim</span> <span class='ocrx_word' id='word_1_86' title='bbox 680 1688 710 1752; x_wconf 69' lang='grc' dir='ltr'>ἃ</span> <span class='ocrx_word' id='word_1_87' title='bbox 728 1708 793 1751; x_wconf 86' lang='lat' dir='ltr'>non</span> <span class='ocrx_word' id='word_1_88' title='bbox 806 1702 883 1751; x_wconf 89' lang='lat' dir='ltr'>teme</span> 
     </span>
     <span class='ocr_line' id='line_1_17' title="bbox 211 1789 886 1873; baseline 0.001 -22"><span class='ocrx_word' id='word_1_89' title='bbox 211 1792 307 1873; x_wconf 82' lang='lat' dir='ltr'>ceris,</span> <span class='ocrx_word' id='word_1_90' title='bbox 329 1794 478 1872; x_wconf 87' lang='lat' dir='ltr'>quoniam</span> <span class='ocrx_word' id='word_1_91' title='bbox 498 1792 528 1856; x_wconf 87' lang='lat' dir='ltr'>id</span> <span class='ocrx_word' id='word_1_92' title='bbox 549 1790 621 1855; x_wconf 85' lang='lat' dir='ltr'>usus</span> <span class='ocrx_word' id='word_1_93' title='bbox 642 1791 719 1853; x_wconf 83' lang='lat' dir='ltr'>mihi</span> <span class='ocrx_word' id='word_1_94' title='bbox 732 1802 836 1853; x_wconf 89' lang='lat' dir='ltr'>tecum</span> <span class='ocrx_word' id='word_1_95' title='bbox 854 1789 886 1852; x_wconf 85' lang='lat' dir='ltr'>eli</span> 
     </span>
     <span class='ocr_line' id='line_1_18' title="bbox 212 1888 886 1977; baseline -0.001 -25"><span class='ocrx_word' id='word_1_96' title='bbox 212 1890 255 1953; x_wconf 88' lang='lat' dir='ltr'>lui</span> <span class='ocrx_word' id='word_1_97' title='bbox 264 1940 273 1973; x_wconf 86' lang='lat'>,</span> <span class='ocrx_word' id='word_1_98' title='bbox 295 1892 316 1956; x_wconf 86' lang='lat' dir='ltr'>fi</span> <span class='ocrx_word' id='word_1_99' title='bbox 331 1914 383 1977; x_wconf 89' lang='lat' dir='ltr'>per</span> <span class='ocrx_word' id='word_1_100' title='bbox 395 1892 604 1957; x_wconf 82' lang='lat' dir='ltr'>valetudinem</span> <span class='ocrx_word' id='word_1_101' title='bbox 619 1906 707 1955; x_wconf 88' lang='lat' dir='ltr'>tuam</span> <span class='ocrx_word' id='word_1_102' title='bbox 720 1891 785 1955; x_wconf 86' lang='lat' dir='ltr'>fieri</span> <span class='ocrx_word' id='word_1_103' title='bbox 801 1888 886 1972; x_wconf 78' lang='lat' dir='ltr'>posset</span> 
     </span>
     <span class='ocr_line' id='line_1_19' title="bbox 209 1993 886 2075; baseline 0.001 -21"><span class='ocrx_word' id='word_1_104' title='bbox 209 1993 329 2073; x_wconf 82' lang='lat' dir='ltr'>rursus:</span> <span class='ocrx_word' id='word_1_105' title='bbox 370 1993 437 2059; x_wconf 87' lang='lat' dir='ltr'>Tui</span> <span class='ocrx_word' id='word_1_106' title='bbox 463 1997 588 2075; x_wconf 88' lang='lat' dir='ltr'>qualem</span> <span class='ocrx_word' id='word_1_107' title='bbox 615 1993 742 2056; x_wconf 82' lang='lat' dir='ltr'>habeam</span> <span class='ocrx_word' id='word_1_108' title='bbox 770 2012 886 2057; x_wconf 85' lang='lat' dir='ltr'>mentm</span> 
     </span>
     <span class='ocr_line' id='line_1_20' title="bbox 208 2091 886 2173; baseline 0.007 -23"><span class='ocrx_word' id='word_1_109' title='bbox 208 2093 323 2169; x_wconf 85' lang='lat' dir='ltr'>poteris</span> <span class='ocrx_word' id='word_1_110' title='bbox 345 2111 381 2155; x_wconf 85' lang='lat' dir='ltr'>ex</span> <span class='ocrx_word' id='word_1_111' title='bbox 403 2091 553 2173; x_wconf 87' lang='lat' dir='ltr'>Septimio</span> <span class='ocrx_word' id='word_1_112' title='bbox 577 2111 702 2173; x_wconf 84' lang='lat' dir='ltr'>quoque</span> <span class='ocrx_word' id='word_1_113' title='bbox 722 2093 828 2157; x_wconf 88' lang='lat' dir='ltr'>nostro</span> <span class='ocrx_word' id='word_1_114' title='bbox 851 2113 886 2156; x_wconf 90' lang='lat' dir='ltr'>au</span> 
     </span>
     <span class='ocr_line' id='line_1_21' title="bbox 209 2188 886 2254; baseline 0.012 -7"><span class='ocrx_word' id='word_1_115' title='bbox 209 2203 283 2249; x_wconf 91' lang='lat' dir='ltr'>nam</span> <span class='ocrx_word' id='word_1_116' title='bbox 310 2188 417 2252; x_wconf 87' lang='lat' dir='ltr'>incidit</span> <span class='ocrx_word' id='word_1_117' title='bbox 446 2202 480 2251; x_wconf 93' lang='lat' dir='ltr'>ut</span> <span class='ocrx_word' id='word_1_118' title='bbox 509 2208 617 2254; x_wconf 89' lang='lat' dir='ltr'>coram</span> <span class='ocrx_word' id='word_1_119' title='bbox 636 2191 695 2253; x_wconf 91' lang='lat' dir='ltr'>illo</span> <span class='ocrx_word' id='word_1_120' title='bbox 718 2190 841 2254; x_wconf 75' lang='lat' dir='ltr'>fiereta</span> <span class='ocrx_word' id='word_1_121' title='bbox 863 2209 886 2254; x_wconf 91' lang='lat' dir='ltr'>n</span> 
     </span>
     <span class='ocr_line' id='line_1_22' title="bbox 208 2282 885 2372; baseline 0.01 -25"><span class='ocrx_word' id='word_1_122' title='bbox 208 2287 339 2349; x_wconf 89' lang='lat' dir='ltr'>mentio.</span> <span class='ocrx_word' id='word_1_123' title='bbox 381 2282 500 2367; x_wconf 89' lang='lat' dir='ltr'>Neque</span> <span class='ocrx_word' id='word_1_124' title='bbox 521 2288 622 2368; x_wconf 85' lang='lat' dir='ltr'>enim,</span> <span class='ocrx_word' id='word_1_125' title='bbox 645 2287 665 2350; x_wconf 84' lang='lat' dir='ltr'>fi</span> <span class='ocrx_word' id='word_1_126' title='bbox 689 2302 723 2350; x_wconf 92' lang='lat' dir='ltr'>ut</span> <span class='ocrx_word' id='word_1_127' title='bbox 740 2288 885 2372; x_wconf 80' lang='lat' dir='ltr'>superbus</span> 
     </span>
     <span class='ocr_line' id='line_1_23' title="bbox 208 2382 864 2468; baseline 0.015 -23"><span class='ocrx_word' id='word_1_128' title='bbox 208 2382 313 2448; x_wconf 86' lang='lat' dir='ltr'>citiam</span> <span class='ocrx_word' id='word_1_129' title='bbox 342 2384 476 2450; x_wconf 82' lang='lat' dir='ltr'>nostram</span> <span class='ocrx_word' id='word_1_130' title='bbox 504 2385 661 2468; x_wconf 75' lang='lat' dir='ltr'>sprevisti,</span> <span class='ocrx_word' id='word_1_131' title='bbox 695 2387 765 2452; x_wconf 75' lang='lat' dir='ltr'>iden</span> <span class='ocrx_word' id='word_1_132' title='bbox 804 2410 864 2455; x_wconf 88' lang='lat' dir='ltr'>nos</span> 
     </span>
     <span class='ocr_line' id='line_1_24' title="bbox 209 2485 852 2576; baseline 0.006 -30"><span class='ocrx_word' id='word_1_133' title='bbox 209 2502 270 2566; x_wconf 86' lang='lat' dir='ltr'>que</span> <span class='ocrx_word' id='word_1_134' title='bbox 299 2485 539 2565; x_wconf 67' lang='grc' dir='ltr'>αἰθνπιρφμιῧμιι.</span> <span class='ocrx_word' id='word_1_135' title='bbox 595 2486 748 2550; x_wconf 74' lang='lat' dir='ltr'>Pretereei</span> <span class='ocrx_word' id='word_1_136' title='bbox 774 2489 852 2576; x_wconf 79' lang='lat' dir='ltr'>sape</span> 
     </span>
    </p>

    <p class='ocr_par' dir='ltr' id='par_1_4' title="bbox 196 2583 886 3179">
     <span class='ocr_line' id='line_1_25' title="bbox 206 2583 886 2674; baseline 0.006 -24"><span class='ocrx_word' id='word_1_137' title='bbox 206 2584 287 2674; x_wconf 67' lang='lat' dir='ltr'>t&#39;ntee</span> <span class='ocrx_word' id='word_1_138' title='bbox 307 2583 377 2647; x_wconf 84' lang='lat' dir='ltr'>alios</span> <span class='ocrx_word' id='word_1_139' title='bbox 387 2585 485 2667; x_wconf 85' lang='lat' dir='ltr'><em>jocos,</em></span> <span class='ocrx_word' id='word_1_140' title='bbox 507 2585 700 2667; x_wconf 86' lang='lat' dir='ltr'>puriffimum</span> <span class='ocrx_word' id='word_1_141' title='bbox 713 2609 844 2671; x_wconf 84' lang='lat' dir='ltr'>penem,</span> <span class='ocrx_word' id='word_1_142' title='bbox 866 2592 886 2663; x_wconf 67' lang='grc' dir='ltr'>ἃ</span> 
     </span>
     <span class='ocr_line' id='line_1_26' title="bbox 204 2683 886 2772; baseline 0.004 -23"><span class='ocrx_word' id='word_1_143' title='bbox 204 2686 412 2749; x_wconf 87' lang='lat' dir='ltr'>muncionem</span> <span class='ocrx_word' id='word_1_144' title='bbox 439 2683 654 2767; x_wconf 81' lang='lat' dir='ltr'>lepidiffimum</span> <span class='ocrx_word' id='word_1_145' title='bbox 679 2687 806 2772; x_wconf 85' lang='lat' dir='ltr'>appellat</span> <span class='ocrx_word' id='word_1_146' title='bbox 823 2710 838 2755; x_wconf 91' lang='lat'>:·</span> <span class='ocrx_word' id='word_1_147' title='bbox 861 2714 886 2753; x_wconf 53' lang='lat' dir='ltr'>ui</span> 
     </span>
     <span class='ocr_line' id='line_1_27' title="bbox 204 2780 886 2878; baseline 0.015 -34"><span class='ocrx_word' id='word_1_148' title='bbox 204 2781 247 2853; x_wconf 59' lang='grc' dir='ltr'>ἐφ’</span> <span class='ocrx_word' id='word_1_149' title='bbox 259 2783 352 2846; x_wconf 87' lang='lat' dir='ltr'>altera</span> <span class='ocrx_word' id='word_1_150' title='bbox 365 2780 541 2847; x_wconf 79' lang='lat' dir='ltr'>liberalitate</span> <span class='ocrx_word' id='word_1_151' title='bbox 556 2783 753 2872; x_wconf 72' lang='lat' dir='ltr'>locupletavit.</span> <span class='ocrx_word' id='word_1_152' title='bbox 781 2789 886 2878; x_wconf 62' lang='lat' dir='ltr'>Sarapa</span> 
     </span>
     <span class='ocr_line' id='line_1_28' title="bbox 202 2880 886 2974; baseline 0.015 -29"><span class='ocrx_word' id='word_1_153' title='bbox 202 2880 271 2945; x_wconf 82' lang='lat' dir='ltr'>dem</span> <span class='ocrx_word' id='word_1_154' title='bbox 297 2882 359 2963; x_wconf 82' lang='lat' dir='ltr'><em>ejus</em></span> <span class='ocrx_word' id='word_1_155' title='bbox 385 2902 476 2965; x_wconf 83' lang='lat' dir='ltr'><em>usque</em></span> <span class='ocrx_word' id='word_1_156' title='bbox 502 2886 571 2948; x_wconf 87' lang='lat' dir='ltr'>adeo</span> <span class='ocrx_word' id='word_1_157' title='bbox 589 2890 751 2974; x_wconf 80' lang='lat' dir='ltr'>probavit,</span> <span class='ocrx_word' id='word_1_158' title='bbox 781 2894 886 2974; x_wconf 83' lang='lat' dir='ltr'>mansu</span> 
     </span>
     <span class='ocr_line' id='line_1_29' title="bbox 196 2978 886 3072; baseline 0.025 -32"><span class='ocrx_word' id='word_1_159' title='bbox 196 2978 336 3068; x_wconf 67' lang='lat' dir='ltr'>perpetui</span> <span class='ocrx_word' id='word_1_160' title='bbox 357 2980 504 3065; x_wconf 81' lang='lat' dir='ltr'>credidit,</span> <span class='ocrx_word' id='word_1_161' title='bbox 530 3002 565 3049; x_wconf 87' lang='lat' dir='ltr'>ut</span> <span class='ocrx_word' id='word_1_162' title='bbox 588 3009 644 3051; x_wconf 86' lang='lat' dir='ltr'>nott</span> <span class='ocrx_word' id='word_1_163' title='bbox 668 2992 749 3055; x_wconf 88' lang='lat' dir='ltr'>modo</span> <span class='ocrx_word' id='word_1_164' title='bbox 755 2993 886 3072; x_wconf 81' lang='lat' dir='ltr'>seculare</span> 
     </span>
     <span class='ocr_line' id='line_1_30' title="bbox 202 3081 886 3179; baseline 0.019 -33"><span class='ocrx_word' id='word_1_165' title='bbox 202 3102 270 3147; x_wconf 83' lang='lat' dir='ltr'>men</span> <span class='ocrx_word' id='word_1_166' title='bbox 289 3081 509 3168; x_wconf 76' lang='lat' dir='ltr'>canpanettdum</span> <span class='ocrx_word' id='word_1_167' title='bbox 530 3087 714 3177; x_wconf 74' lang='lat' dir='ltr'>injunxerit,</span> <span class='ocrx_word' id='word_1_168' title='bbox 734 3093 793 3179; x_wconf 78' lang='lat' dir='ltr'>sed</span> <span class='ocrx_word' id='word_1_169' title='bbox 805 3095 886 3172; x_wconf 72' lang='lat' dir='ltr'>&amp;ll</span> 
     </span>
    </p>
   </div>
   <div class='ocr_carea' id='block_1_4' title="bbox 0 0 984 3720">
    <p class='ocr_par' dir='ltr' id='par_1_5' title="bbox 0 0 984 3720">
     <span class='ocr_line' id='line_1_31' title="bbox 0 0 984 3720; baseline 0 2"><span class='ocrx_word' id='word_1_170' title='bbox 0 0 984 3720; x_wconf 95' lang='lat' dir='ltr'> </span> 
     </span>
    </p>
   </div>
  </div>
 </body>
</html>
