1958 3720
87 556 179 647 AD
216 549 502 644 FUSCUM
539 548 823 675 ARISTIU

323 700 363 777 Ο
388 724 415 778 n
441 729 466 779 a
491 736 493 741 ·
519 699 685 778 xx11.

90 926 95 937 .
136 861 326 932 Nreezse
341 865 429 946 viee,
442 857 613 946 scelerisque
622 877 746 948 purus,

130 964 209 1030 'Nou
222 982 287 1052 eget
299 964 421 1031 Mauris
427 960 557 1050 jaculis,
577 984 674 1050 neque
690 985 788 1043 aneu,

90 1066 160 1134 Nee
174 1069 324 1133 venenatis
332 1068 461 1154 gravida
467 1065 583 1152 sagittis
599 1113 614 1150 ,

136 1196 139 1201 ·
256 1165 361 1250 Fusae,
374 1166 536 1256 pharetra:

91 1281 163 1348 Sive
170 1296 227 1368 pes
241 1281 337 1372 Syrtes
351 1283 409 1346 iter
428 1279 574 1364 aestuosas,

39 1428 57 1461 ·.
93 1368 162 1445 Sive
169 1379 306 1460 fallutus
312 1382 370 1468 per
385 1379 584 1468 inhospitalem

94 1481 278 1565 Caucasum,
298 1480 350 1546 vel
361 1502 424 1569 qna
442 1482 503 1547 loca
509 1482 661 1567 fabulosus

260 1579 383 1647 Lambit
399 1579 556 1674 Hydaspes.

98 1688 239 1780 Namque
252 1715 300 1756 me
307 1693 392 1784 sylva
404 1693 488 1784 lapus
503 1693 535 1757 in
549 1691 681 1775 Sabina,

99 1791 186 1858 Dum
201 1817 297 1856 meam
312 1812 395 1858 canto
410 1793 559 1879 Lalagen,
580 1792 625 1866 δ’
641 1794 728 1858 ultra

97 1886 272 1968 ferminum
287 1897 363 1959 curis
378 1917 467 1982 vagor
479 1896 654 1983 expeditus,

264 1991 352 2081 Fugit
366 1998 517 2061 inermem.

100 2109 197 2200 Quale
206 2111 370 2198 partentnm
386 2134 476 2200 neque
491 2112 631 2178 militaris

101 2209 228 2277 Daunia
241 2213 273 2275 in
287 2212 354 2278 latis
368 2213 422 2278 alit
438 2215 584 2297 estaletis:

101 2311 171 2377 Nec
184 2313 274 2396 Jubae
288 2315 372 2380 tellus
381 2333 521 2402 generat,
541 2318 656 2382 leonum

267 2395 362 2462 Arida
376 2402 488 2464 nutrix.

102 2499 187 2568 Pone
200 2525 247 2566 me
255 2506 348 2591 pigris
362 2511 411 2596 ubi
427 2510 509 2575 nulla
523 2511 631 2597 campis

104 2600 198 2668 Arbor
211 2604 308 2688 asliva
321 2625 469 2675 remeatur
483 2632 577 2674 aura:

105 2701 192 2786 Quod
202 2704 278 2770 latus
292 2711 395 2774 mundi
409 2713 538 2794 nebula,
559 2709 715 2798 malusque

270 2808 394 2896 Jupiter
409 2829 513 2901 urget:
542 2882 547 2891 ,

105 2907 188 2973 Pone
200 2914 258 2992 sub
277 2942 366 2983 curru
385 2923 509 2986 nimium
523 2923 682 3009 propinqui

105 3012 194 3096 Solis,
215 3016 246 3078 in
260 3033 339 3082 tersa
354 3023 481 3086 domibus
495 3039 620 3108 negata:

3 3136 6 3141 ·
106 3111 204 3180 Dulce
218 3117 360 3183 sidentem
374 3122 509 3209 Lalagen
527 3126 652 3208 amabo,

132 3253 153 3269 --
272 3219 371 3289 Dulce
389 3223 565 3315 loquentem.
